@misc{oiwiki,
  author = {OI Wiki Team},
  title = {OI Wiki},
  year = {2016},
  publisher = {GitHub},
  journal = {GitHub Repository},
  howpublished = {\url{https://github.com/OI-wiki/OI-wiki}},
}
